@misc{rest-api,
	title="What is a REST API? - Red Hat [Электронный ресурс]",
	howpublished="Режим доступа: \url{https://www.redhat.com/en/topics/api/what-is-a-rest-api} (дата обращения: 07.05.2022)"
}

@inbook{
	kleppman,
	author="M. Kleppmann",
	title="Designing Data-Intensive Applications",
	publisher="Edition. Sebastopol: O’Reilly Media",
	year=2017,
	pages=640
}

@misc{postgresql,
	title="PostgreSQL: Документация. [Электронный ресурс]",
	howpublished="Режим доступа: \url{https://postgrespro.ru/docs/postgresql/} (дата обращения: 07.05.2022)"
}

@misc{oracle,
	title="SQL Language | Oracle[Электронный ресурс]",
	howpublished="Режим доступа: \url{https://www.oracle.com/database/technologies/appdev/sql.html} (дата обращения: 07.05.2022)"
}

@misc{mysql,
	title="MySQL Database Service is a fully managed database service to deploy cloud-native applications. [Электронный ресурс]",
	howpublished="Режим доступа: \url{https://www.mysql.com/} (дата обращения: 07.05.2022)"
}

@misc{postgresql-fact,
	title="PostgreSQL: вчера, сегодня, завтра [Электронный ресурс]",
	howpublished="Режим доступа: \url{https://postgrespro.ru/blog/media/17768} (дата обращения: 07.05.2022)"
}

@misc{acid,
	title="Транзакции, ACID, CAP | GeekBrains [Электронный ресурс]",
	howpublished="Режим доступа: \url{https://gb.ru/posts/acid_cap_transactions} (дата обращения: 07.05.2022)"
}

@misc{mvcc,
	title="Documentation: 12: 13.1. Introduction - PostgreSQL [Электронный ресурс]",
	howpublished="Режим доступа: \url{https://www.postgresql.org/docs/12/mvcc-intro.html} (дата обращения: 07.05.2022)"
}

@misc{r-lock,
	title="Применение блокировок чтения/записи | IBM [Электронный ресурс]",
	howpublished="Режим доступа: \url{https://www.ibm.com/docs/ru/aix/7.2?topic=programming-using-readwrite-locks} (дата обращения: 07.05.2022)"
}

@misc{oracle-company,
	title="Oracle | Integrated Cloud Applications and Platform Services [Электронный ресурс]",
	howpublished="Режим доступа: \url{https://www.oracle.com/index.html} (дата обращения: 07.05.2022)"
}

@misc{oracle-popular,
	title="DB-Engines Ranking [Электронный ресурс]",
	howpublished="Режим доступа: \url{https://db-engines.com/en/ranking} (дата обращения: 07.05.2022)"
}

@misc{myisam,
	title="MySQL Reference Manual 16.2: The MyISAM Storage Engine [Электронный ресурс]",
	howpublished="Режим доступа: \url{https://dev.mysql.com/doc/refman/8.0/en/myisam-storage-engine.html} (дата обращения: 07.05.2022)"
}

@misc{innodb,
	title="MySQL Reference Manual 8.0: The InnoDB Storage Enginee [Электронный ресурс]",
	howpublished="Режим доступа: \url{https://dev.mysql.com/doc/refman/8.0/en/innodb-storage-engine.html} (дата обращения: 07.05.2022)"
}

@misc{oauth1,
	title="
	OAuth Core 1.0 [Электронный ресурс]",
	howpublished="Режим доступа: \url{https://oauth.net/core/1.0/} (дата обращения: 07.05.2022)"
}

@misc{redis,
	title="Redis is an open source (BSD licensed), in-memory data structure store, used as a database, cache, and message broker [Электронный ресурс]",
	howpublished="Режим доступа: \url{https://redis.io/} (дата обращения: 07.05.2022)"
}

@inbook{oop,
	author="Гради Буч, Роберт А. Максимчук, Майкл У. Энгл",
	title=" Объектно-ориентированный анализ и проектирование с примерами приложений",
	publisher="Издательский дом Вильямс",
	pages="",
	language="russian",
	year=2008
}

@misc{gtest,
	title="Документация по фреймворку GoogleTests  [Электронный ресурс]",
	howpublished="Режим доступа: \url{https://google.github.io/googletest/} (дата обращения: 07.05.2022)"
}

@misc{boost,
	title="Документация по фреймворку Boost  [Электронный ресурс]",
	howpublished="Режим доступа: \url{https://www.boost.org/} (дата обращения: 07.05.2022)"
}

@misc{pqxx,
	title="Документация по фреймворку pqxx  [Электронный ресурс]",
	howpublished="Режим доступа: \url{http://www.pqxx.org/} (дата обращения: 07.05.2022)"
}

@misc{redis-cpp,
	title="Документация по фреймворку redis-cpp  [Электронный ресурс]",
	howpublished="Режим доступа: \url{https://github.com/tdv/redis-cpp} (дата обращения: 07.05.2022)"
}

@misc{postman,
	title="Документация по postman  [Электронный ресурс]",
	howpublished="Режим доступа: \url{https://www.postman.com/} (дата обращения: 07.05.2022)"
}

@misc{clock,
	title="Документация по chrono [Электронный ресурс]",
	howpublished="Режим доступа: \url{https://www.cplusplus.com/reference/chrono/system_clock/now/} (дата обращения: 07.05.2022)"
}

@misc{cpp,
	title="Документация по Microsoft C++, C и ассемблеру [Электронный ресурс]",
	howpublished="Режим доступа: \url{https://docs.microsoft.com/ru-ru/cpp/} (дата обращения: 07.05.2022)"
}

